<record><leader>00000cas a22000007a 4500</leader><controlfield tag="001">13987706</controlfield><controlfield tag="008">860730d19uu1961aluwr ne      0    0eng d</controlfield><datafield ind1=" " ind2=" " tag="010"><subfield code="a">sn 86050320 </subfield></datafield><datafield ind1=" " ind2=" " tag="040"><subfield code="a">AAR</subfield><subfield code="b">eng</subfield><subfield code="c">AAR</subfield><subfield code="d">CPN</subfield><subfield code="d">OCLCQ</subfield></datafield><datafield ind1=" " ind2=" " tag="042"><subfield code="a">msc</subfield></datafield><datafield ind1="0" ind2="4" tag="245"><subfield code="a">The Pike county sentinel.</subfield></datafield><datafield ind1=" " ind2=" " tag="260"><subfield code="a">Brundidge, Ala. :</subfield><subfield code="b">[s.n.]</subfield></datafield><datafield ind1=" " ind2=" " tag="300"><subfield code="a">v. :</subfield><subfield code="b">ill. ;</subfield><subfield code="c">55 cm.</subfield></datafield><datafield ind1=" " ind2=" " tag="310"><subfield code="a">Weekly</subfield></datafield><datafield ind1="0" ind2=" " tag="362"><subfield code="a">-v. 27, no. 37 (Dec. 28, 1961).</subfield></datafield><datafield ind1=" " ind2=" " tag="588"><subfield code="a">Description based on: Vol. 17, no. 24 (June 21, 1951).</subfield></datafield><datafield ind1=" " ind2=" " tag="752"><subfield code="a">United States</subfield><subfield code="b">Alabama</subfield><subfield code="c">Pike</subfield><subfield code="d">Brundidge.</subfield></datafield><datafield ind1="0" ind2="0" tag="780"><subfield code="t">Brundidge sentinel (Brundidge, Ala.)</subfield><subfield code="w">(DLC)sn 88050229</subfield></datafield><datafield ind1="0" ind2="0" tag="785"><subfield code="t">Brundidge banner</subfield><subfield code="w">(DLC)sn 86050393</subfield></datafield><datafield ind1="1" ind2=" " tag="029"><subfield code="a">AU@</subfield><subfield code="b">000025783851</subfield></datafield></record>